@article{chieochan2010channel,
	title={Channel assignment schemes for infrastructure-based 802.11 WLANs: A survey},
	author={Chieochan, Surachai and Hossain, Ekram and Diamond, Jeffrey},
	journal={IEEE Communications Surveys \& Tutorials},
	volume={12},
	number={1},
	year={2010},
	publisher={IEEE}
}

@inproceedings{mishra2006distributed,
	title={Distributed channel management in uncoordinated wireless environments},
	author={Mishra, Arunesh and Shrivastava, Vivek and Agrawal, Dheeraj and Banerjee, Suman and Ganguly, Samrat},
	booktitle={Proceedings of the 12th annual international conference on Mobile computing and networking},
	pages={170--181},
	year={2006},
	organization={ACM}
}

@inproceedings{herzen2015csma,
	title={CSMA/CA in time and frequency domains},
	author={Herzen, Julien and Banchs, Albert and Shneer, Vsevolod and Thiran, Patrick},
	booktitle={Network Protocols (ICNP), 2015 IEEE 23rd International Conference on},
	pages={256--266},
	year={2015},
	organization={IEEE}
}

@article{abramson2004active,
	title={Active learning for visual object recognition},
	author={Abramson, Yotam and Freund, Yoav},
	journal={Technical report, UCSD},
	year={2004}
}

@book{sutton1998reinforcement,
	title={Reinforcement learning: An introduction},
	author={Sutton, Richard S and Barto, Andrew G},
	volume={1},
	number={1},
	year={1998},
	publisher={MIT press Cambridge}
}

@article{sutton1988learning,
	title={Learning to predict by the methods of temporal differences},
	author={Sutton, Richard S},
	journal={Machine learning},
	volume={3},
	number={1},
	pages={9--44},
	year={1988},
	publisher={Springer}
}

@book{robert2004monte,
	title={Monte carlo methods},
	author={Robert, Christian P},
	year={2004},
	publisher={Wiley Online Library}
}

@article{szepesvari2010algorithms,
	title={Algorithms for reinforcement learning},
	author={Szepesv{\'a}ri, Csaba},
	journal={Synthesis lectures on artificial intelligence and machine learning},
	volume={4},
	number={1},
	pages={1--103},
	year={2010},
	publisher={Morgan \& Claypool Publishers}
}

@article{thorpe2014survey,
	title={A survey of adaptive carrier sensing mechanisms for IEEE 802.11 wireless networks},
	author={Thorpe, Christina and Murphy, Liam},
	journal={IEEE Communications Surveys \& Tutorials},
	volume={16},
	number={3},
	pages={1266--1293},
	year={2014},
	publisher={IEEE}
}

@inproceedings{agarwal2001distributed,
	title={Distributed power control in ad-hoc wireless networks},
	author={Agarwal, Sharad and Katz, Randy H and Krishnamurthy, Srikanth V and Dao, Son K},
	booktitle={Personal, Indoor and Mobile Radio Communications, 2001 12th IEEE International Symposium on},
	volume={2},
	pages={F--F},
	year={2001},
	organization={IEEE}
}

@inproceedings{oteri2013advanced,
	title={Advanced power control techniques for interference mitigation in dense 802.11 networks},
	author={Oteri, Oghenekome and Xia, Pengfei and LaSita, Frank and Olesen, Robert},
	booktitle={Wireless Personal Multimedia Communications (WPMC), 2013 16th International Symposium on},
	pages={1--7},
	year={2013},
	organization={IEEE}
}

@inproceedings{oteri2015improved,
	title={Improved Spatial Reuse for Dense 802.11 WLANs},
	author={Oteri, Oghenekome and La Sita, Frank and Yang, Rui and Ghosh, Monisha and Olesen, Robert},
	booktitle={Globecom Workshops (GC Wkshps), 2015 IEEE},
	pages={1--6},
	year={2015},
	organization={IEEE}
}

@article{lei2015performance,
	title={Performance enhancement of overlapping BSSs via dynamic transmit power control},
	author={Lei, Xiaoying and Rhee, Seung Hyong},
	journal={EURASIP Journal on Wireless Communications and Networking},
	volume={2015},
	number={1},
	pages={8},
	year={2015},
	publisher={Springer International Publishing}
}

@inproceedings{chaves2014adaptive,
	title={Adaptive transmit power for Wi-Fi dense deployments},
	author={Chaves, Fabiano S and Cavalcante, Andre M and Almeida, Erika PL and Abinader, Fuad M and Vieira, Robson D and Choudhury, Sayantan and Doppler, Klaus},
	booktitle={Vehicular Technology Conference (VTC Fall), 2014 IEEE 80th},
	pages={1--6},
	year={2014},
	organization={IEEE}
}

@inproceedings{al2007enhanced,
	title={Enhanced channel assignment and load distribution in IEEE 802.11 WLANs},
	author={Al-Rizzo, Hussain and Haidar, Mohamad and Akl, Robert and Chan, Yupo},
	booktitle={Signal Processing and Communications, 2007. ICSPC 2007. IEEE International Conference on},
	pages={768--771},
	year={2007},
	organization={IEEE}
}

@inproceedings{haidar2007channel,
	title={Channel assignment and load distribution in a power-managed wlan},
	author={Haidar, Mohamad and Akl, Robert and Al-Rizzo, Hussain and Chan, Yupo},
	booktitle={Personal, Indoor and Mobile Radio Communications, 2007. PIMRC 2007. IEEE 18th International Symposium on},
	pages={1--5},
	year={2007},
	organization={IEEE}
}

@inproceedings{akl2007dynamic,
	title={Dynamic channel assignment in IEEE 802.11 networks},
	author={Akl, Robert and Arepally, Anurag},
	booktitle={Portable Information Devices, 2007. PORTABLE07. IEEE International Conference on},
	pages={1--5},
	year={2007},
	organization={IEEE}
}

@article{mishra2005weighted,
	title={Weighted coloring based channel assignment for WLANs},
	author={Mishra, Arunesh and Banerjee, Suman and Arbaugh, William},
	journal={ACM SIGMOBILE Mobile Computing and Communications Review},
	volume={9},
	number={3},
	pages={19--31},
	year={2005},
	publisher={ACM}
}

@inproceedings{yu2004adaptive,
	title={An adaptive radio resource management technique for APs in WLANs},
	author={Yu, Ming and Luo, Hui},
	booktitle={Networks, 2004.(ICON 2004). Proceedings. 12th IEEE International Conference on},
	volume={1},
	pages={85--91},
	year={2004},
	organization={IEEE}
}

@article{yu2006dynamic,
	title={A dynamic radio resource management technique for multiple APs in WLANs},
	author={Yu, Ming and Luo, Hui and Leung, Kin K},
	journal={IEEE Transactions on Wireless Communications},
	volume={5},
	number={7},
	pages={1910--1919},
	year={2006},
	publisher={IEEE}
}

@inproceedings{leung2003frequency,
	title={Frequency assignment for IEEE 802.11 wireless networks},
	author={Leung, Kin K and Kim, B-J},
	booktitle={Vehicular Technology Conference, 2003. VTC 2003-Fall. 2003 IEEE 58th},
	volume={3},
	pages={1422--1426},
	year={2003},
	organization={IEEE}
}

@misc{achanta2004method,
	title={Method and apparatus for least congested channel scan for wireless access points},
	author={Achanta, Murali},
	year={2004},
	month=oct # "~5",
	publisher={Google Patents},
	note={US Patent App. 10/959,446}
}

@inproceedings{chen2007improved,
	title={Improved measurement-based frequency allocation algorithms for wireless networks},
	author={Chen, Jeremy K and De Veciana, Gustavo and Rappaport, Theodore S},
	booktitle={Global Telecommunications Conference, 2007. GLOBECOM'07. IEEE},
	pages={4790--4795},
	year={2007},
	organization={IEEE}
}

@inproceedings{riihijarvi2006performance,
	title={Performance evaluation of automatic channel assignment mechanism for IEEE 802.11 based on graph colouring},
	author={Riihijarvi, Janne and Petrova, Marina and Mahonen, Petri and Barbosa, Jovander De Almeida},
	booktitle={Personal, Indoor and Mobile Radio Communications, 2006 IEEE 17th International Symposium on},
	pages={1--5},
	year={2006},
	organization={IEEE}
}

@inproceedings{riihijarvi2005frequency,
	title={Frequency allocation for WLANs using graph colouring techniques},
	author={Riihijarvi, Janne and Petrova, Marina and Mahonen, Petri},
	booktitle={Wireless On-demand Network Systems and Services, 2005. WONS 2005. Second Annual Conference on},
	pages={216--222},
	year={2005},
	organization={IEEE}
}

@inproceedings{mahonen2004automatic,
	title={Automatic channel allocation for small wireless local area networks using graph colouring algorithm approach},
	author={Mahonen, Petri and Riihijarvi, Janne and Petrova, Marina},
	booktitle={Personal, Indoor and Mobile Radio Communications, 2004. PIMRC 2004. 15th IEEE International Symposium on},
	volume={1},
	pages={536--539},
	year={2004},
	organization={IEEE}
}

@inproceedings{mishra2006client,
	title={A Client-Driven Approach for Channel Management in Wireless LANs.},
	author={Mishra, Arunesh and Brik, Vladimir and Banerjee, Suman and Srinivasan, Aravind and Arbaugh, William A},
	booktitle={Infocom},
	year={2006}
}

@inproceedings{eisenblatter2007integrated,
	title={Integrated access point placement and channel assignment for wireless LANs in an indoor office environment},
	author={Eisenblatter, Andreas and Geerdes, Hans-Florian and Siomina, Iana},
	booktitle={World of Wireless, Mobile and Multimedia Networks, 2007. WoWMoM 2007. IEEE International Symposium on a},
	pages={1--10},
	year={2007},
	organization={IEEE}
}

@inproceedings{lee2002optimization,
	title={Optimization of AP placement and channel assignment in wireless LANs},
	author={Lee, Youngseok and Kim, Kyoungae and Choi, Yanghee},
	booktitle={Local Computer Networks, 2002. Proceedings. LCN 2002. 27th Annual IEEE Conference on},
	pages={831--836},
	year={2002},
	organization={IEEE}
}

@article{hills2001large,
	title={Large-scale wireless LAN design},
	author={Hills, Alex},
	journal={IEEE Communications Magazine},
	volume={39},
	number={11},
	pages={98--107},
	year={2001},
	publisher={IEEE}
}

@inproceedings{wertz2004automatic,
	title={Automatic optimization algorithms for the planning of wireless local area networks},
	author={Wertz, P and Sauter, M and Landstorfer, FA and Wolfle, G and Hoppe, R},
	booktitle={Vehicular Technology Conference, 2004. VTC2004-Fall. 2004 IEEE 60th},
	volume={4},
	pages={3010--3014},
	year={2004},
	organization={IEEE}
}

@article{ling2006joint,
	title={Joint access point placement and channel assignment for 802.11 wireless LANs},
	author={Ling, Xiang and Yeung, Kwan Lawrence},
	journal={IEEE Transactions on Wireless Communications},
	volume={5},
	number={10},
	pages={2705--2711},
	year={2006},
	publisher={IEEE}
}

@article{baid2015understanding,
	title={Understanding channel selection dynamics in dense Wi-Fi networks},
	author={Baid, Akash and Raychaudhuri, Dipankar},
	journal={IEEE Communications Magazine},
	volume={53},
	number={1},
	pages={110--117},
	year={2015},
	publisher={IEEE}
}

@inproceedings{gandarillas2014dynamic,
	title={Dynamic transmit-power control for WiFi access points based on wireless link occupancy},
	author={Gandarillas, Carlos and Mart{\'\i}n-Enge{\~n}os, Carlos and Pombo, H{\'e}ctor L{\'o}pez and Marques, Antonio G},
	booktitle={Wireless Communications and Networking Conference (WCNC), 2014 IEEE},
	pages={1093--1098},
	year={2014},
	organization={IEEE}
}

@inproceedings{balachandran2002characterizing,
	title={Characterizing user behavior and network performance in a public wireless LAN},
	author={Balachandran, Anand and Voelker, Geoffrey M and Bahl, Paramvir and Rangan, P Venkat},
	booktitle={ACM SIGMETRICS Performance Evaluation Review},
	volume={30},
	number={1},
	pages={195--205},
	year={2002},
	organization={ACM}
}

@inproceedings{sobrinho2005rts,
	title={Why RTS-CTS is not your ideal wireless LAN multiple access protocol},
	author={Sobrinho, Jo{\~a}o L and De Haan, Roland and Brazio, Jos{\'e} M},
	booktitle={Wireless Communications and Networking Conference, 2005 IEEE},
	volume={1},
	pages={81--87},
	year={2005},
	organization={IEEE}
}

@inproceedings{papadopouli2005modeling,
	title={Modeling client arrivals at access points in wireless campus-wide networks.},
	author={Papadopouli, Maria and Shen, Haipeng and Spanakis, Manolis},
	booktitle={LANMAN},
	year={2005}
}

@inproceedings{zhong2015issues,
	title={Issues and challenges in dense WiFi networks},
	author={Zhong, Zhenzhe and Kulkarni, Parag and Cao, Fengming and Fan, Zhong and Armour, Simon},
	booktitle={Wireless Communications and Mobile Computing Conference (IWCMC), 2015 International},
	pages={947--951},
	year={2015},
	organization={IEEE}
}

@draft{tgax2016draft,
	title={{IEEE} P802.11ax/D1.0},
	year={November 2016},
	pages={191-192.}
}

@inproceedings{fuemmeler2006selecting,
	title={Selecting transmit powers and carrier sense thresholds in {CSMA} protocols for wireless ad hoc networks},
	author={Fuemmeler, Jason A and Vaidya, Nitin H and Veeravalli, Venugopal V},
	booktitle={Proceedings of the 2nd annual international workshop on Wireless internet},
	pages={15},
	year={2006},
	organization={ACM}
}

@inproceedings{xu2002effective,
	title={How effective is the IEEE 802.11 {RTS/CTS} handshake in ad hoc networks},
	author={Xu, Kaixin and Gerla, Mario and Bae, Sang},
	booktitle={Global Telecommunications Conference, 2002. GLOBECOM'02. IEEE},
	volume={1},
	pages={72--76},
	year={2002},
	organization={IEEE}
}

@article{akella2007self,
	title={Self-management in chaotic wireless deployments},
	author={Akella, Aditya and Judd, Glenn and Seshan, Srinivasan and Steenkiste, Peter},
	journal={Wireless Networks},
	volume={13},
	number={6},
	pages={737--755},
	year={2007},
	publisher={Springer-Verlag New York, Inc.}
}

@inproceedings{cavalcante2013performance,
	title={Performance evaluation of {LTE} and Wi-Fi coexistence in unlicensed bands},
	author={Cavalcante, Andre M and Almeida, Erika and Vieira, Robson D and Chaves, Fabiano and Paiva, Rafael CD and Abinader, Fuad and Choudhury, Sayantan and Tuomaala, Esa and Doppler, Klaus},
	booktitle={Vehicular Technology Conference (VTC Spring), 2013 IEEE 77th},
	pages={1--6},
	year={2013},
	organization={IEEE}
}

@inproceedings{cano2015coexistence,
	title={Coexistence of WiFi and {LTE} in unlicensed bands: A proportional fair allocation scheme},
	author={Cano, Cristina and Leith, Douglas J},
	booktitle={Communication Workshop (ICCW), 2015 IEEE International Conference on},
	pages={2288--2293},
	year={2015},
	organization={IEEE}
}

@article{cano2016fair,
	title={Fair coexistence of scheduled and random access wireless networks: Unlicensed {LTE}/WiFi},
	author={Cano, Cristina and Leith, Douglas J and Garcia-Saavedra, Andres and Serrano, Pablo},
	journal={arXiv preprint arXiv:1605.00409},
	year={2016}
}

@inproceedings{ebert1999combined,
	title={Combined tuning of RF power and medium access control for WLANs},
	author={Ebert, J-P and Wolisz, Adam},
	booktitle={Mobile Multimedia Communications, 1999.(MoMuC'99) 1999 IEEE International Workshop on},
	pages={74--82},
	year={1999},
	organization={IEEE}
}

@article{ebert2000energy,
	title={An energy-efficient power control approach for WLANs},
	author={Ebert, Jean-Pierre and Stremmel, Bj{\"o}rn and Wiederhold, Eckhardt and Wolisz, Adam},
	journal={Journal of Communications and Networks},
	volume={2},
	number={3},
	pages={197--206},
	year={2000},
	publisher={IEEE}
}

@inproceedings{golmie2001interference,
	title={Interference of Bluetooth and {IEEE} 802.11: Simulation modeling and performance evaluation},
	author={Golmie, Nada and Van Dyck, Robert E and Soltanian, A},
	booktitle={Proceedings of the 4th ACM international workshop on Modeling, analysis and simulation of wireless and mobile systems},
	pages={11--18},
	year={2001},
	organization={ACM}
}

@inproceedings{chiasserini2002coexistence,
	title={Coexistence mechanisms for interference mitigation between {IEEE} 802.11 {WLANs} and Bluetooth},
	author={Chiasserini, Carla-Fabiana and Rao, Ramesh R},
	booktitle={INFOCOM 2002. Twenty-First Annual Joint Conference of the IEEE Computer and Communications Societies. Proceedings. IEEE},
	volume={2},
	pages={590--598},
	year={2002},
	organization={IEEE}
}

@article{yang2011wireless,
	title={Wireless coexistence between {IEEE} 802.11-and {IEEE} 802.15. 4-based networks: A survey},
	author={Yang, Dong and Xu, Youzhi and Gidlund, Mikael},
	journal={International Journal of Distributed Sensor Networks},
	year={2011},
	publisher={SAGE PublicationsSage UK: London, England}
}


@inproceedings{balachandran2002characterizing,
	title={Characterizing user behavior and network performance in a public wireless {LAN}},
	author={Balachandran, Anand and Voelker, Geoffrey M and Bahl, Paramvir and Rangan, P Venkat},
	booktitle={ACM SIGMETRICS Performance Evaluation Review},
	volume={30},
	number={1},
	pages={195--205},
	year={2002},
	organization={ACM}
}

@inproceedings{papadopouli2005modeling,
	title={Modeling client arrivals at access points in wireless campus-wide networks.},
	author={Papadopouli, Maria and Shen, Haipeng and Spanakis, Manolis},
	booktitle={LANMAN},
	year={2005}
}

@inproceedings{bellalta2014channel,
	title={Channel bonding in short-range wlans},
	author={Bellalta, Boris and Faridi, Azadeh and Barcelo, Jaume and Checco, Alessandro and Chatzimisios, Periklis},
	booktitle={European Wireless 2014; 20th European Wireless Conference; Proceedings of},
	pages={1--7},
	year={2014},
	organization={VDE}
}

@article{bellalta2016ieee,
	title={IEEE 802.11 ax: High-efficiency WLANs},
	author={Bellalta, Boris},
	journal={IEEE Wireless Communications},
	volume={23},
	number={1},
	pages={38--46},
	year={2016},
	publisher={IEEE}
}

@inproceedings{park2011ieee,
	title={{IEEE} 802.11 ac: Dynamic bandwidth channel access},
	author={Park, Minyoung},
	booktitle={Communications (ICC), 2011 IEEE International Conference on},
	pages={1--5},
	year={2011},
	organization={IEEE}
}

@article{faridi2016analysis,
	title={Analysis of Dynamic Channel Bonding in Dense Networks of {WLANs}},
	author={Faridi, Azadeh and Bellalta, Boris and Checco, Alessandro},
	journal={IEEE Transactions on Mobile Computing},
	year={2016},
	publisher={IEEE}
}

@article{smith2015dynamic,
	title={Dynamic sensitivity control-v2},
	author={Smith, G},
	journal={IEEE},
	volume={802},
	pages={802--11},
	year={2015}
}

@inproceedings{afaqui2015evaluation,
	title={Evaluation of dynamic sensitivity control algorithm for {IEEE} 802.11 ax},
	author={Afaqui, M Shahwaiz and Garcia-Villegas, Eduard and Lopez-Aguilera, Elena and Smith, Graham and Camps, Daniel},
	booktitle={Wireless Communications and Networking Conference (WCNC), 2015 IEEE},
	pages={1060--1065},
	year={2015},
	organization={IEEE}
}

@inproceedings{afaqui2016dynamic,
	title={Dynamic sensitivity control of access points for {IEEE} 802.11 ax},
	author={Afaqui, M Shahwaiz and Garcia-Villegas, Eduard and Lopez-Aguilera, Elena and Camps-Mur, Daniel},
	booktitle={Communications (ICC), 2016 IEEE International Conference on},
	pages={1--7},
	year={2016},
	organization={IEEE}
}

@inproceedings{afaqui2016rtscts,
	title={Dynamic sensitivity control algorithm leveraging adaptive {RTS/CTS} for {IEEE} 802.11 ax},
	author={Afaqui, M Shahwaiz and Garcia-Villegas, Eduard and Lopez-Aguilera, Elena},
	booktitle={Wireless Communications and Networking Conference (WCNC), 2016 IEEE},
	pages={1--6},
	year={2016},
	organization={IEEE}
}

@inproceedings{selinis2016evaluation,
	title={Evaluation of the DSC algorithm and the BSS color scheme in dense cellular-like IEEE 802.11 ax deployments},
	author={Selinis, Ioannis and Filo, Marcin and Vahid, Seiamak and Rodriguez, Jonathan and Tafazolli, Rahim},
	booktitle={Personal, Indoor, and Mobile Radio Communications (PIMRC), 2016 IEEE 27th Annual International Symposium on},
	pages={1--7},
	year={2016},
	organization={IEEE}
}

@inproceedings{zhong2016promise,
	title={Promise and perils of Dynamic Sensitivity control in IEEE 802.11 ax WLANs},
	author={Zhong, Zhenzhe and Cao, Fengming and Kulkarni, Parag and Fan, Zhong},
	booktitle={Wireless Communication Systems (ISWCS), 2016 International Symposium on},
	pages={439--444},
	year={2016},
	organization={IEEE}
}

@article{chen2005sense,
	title={SENSE: a wireless sensor network simulator},
	author={Chen, Gilbert and Branch, Joel and Pflug, Michael and Zhu, Lijuan and Szymanski, Boleslaw},
	journal={Advances in pervasive computing and networking},
	pages={249--267},
	year={2005},
	publisher={Springer}
}

@article{broustis2010measurement,
	title={Measurement-driven guidelines for 802.11 WLAN design},
	author={Broustis, Ioannis and Papagiannaki, Konstantina and Krishnamurthy, Srikanth V and Faloutsos, Michalis and Mhatre, Vivek P},
	journal={IEEE/ACM Transactions on Networking (TON)},
	volume={18},
	number={3},
	pages={722--735},
	year={2010},
	publisher={IEEE Press}
}

@inproceedings{kulkarni2015taming,
	title={Taming the densification challenge in next generation wireless LANs: An investigation into the use of dynamic sensitivity control},
	author={Kulkarni, Parag and Cao, Fengming},
	booktitle={Wireless and Mobile Computing, Networking and Communications (WiMob), 2015 IEEE 11th International Conference on},
	pages={860--867},
	year={2015},
	organization={IEEE}
}

@article{bellalta2017learning,
	title={Learning from Experience in Future Wireless Networks: Big Challenges and Opportunities},
	author={Bellalta, Boris, Cano, Cristina, Jonsson, Anders, Gómez, Vicenç, Neu, Gergely, Barrachina, Sergio, Wilhelmi, Francesc and Nurchis, Maddalena},
	journal={},
	year={2017}
}

@article{barrachina2017ctmn,
	title={Dynamic Spectrum Access in High-density WLANs},
	author={Barrachina, Sergio, Bellalta, Boris and Wilhelmi, Francesc},
	journal={},
	year={2017}
}

@article{wilhelmi2017implications,
	title={Implications of Decentralized {Q}-learning Resource Allocation in Wireless Networks},
	author={Wilhelmi, Francesc and Bellalta, Boris and Cano, Cristina and Jonsson, Anders},
	journal={arXiv preprint arXiv:1705.10508},
	year={2017}
}

@article{wilhelmi2017enhancing,
	title={Enhancing Spatial Reuse in Wireless Networks through Decentralised Multi-Armed Bandits: Possibilities, Challenges and Perils},
	author={Wilhelmi, Francesc and Bellalta, Boris and Cano, Cristina, Jonsson, Anders, Neu, Gergely and Barrachina, Sergio},
	journal={arXiv preprint arXiv:1705.10508},
	year={2017}
}

@article{wilhelmi2017improving,
	title={Improving Spatial Reuse in High-Density Wireless Networks Through Learning},
	author={Wilhelmi, Francesc and Bellalta, Boris and Cano, Cristina and Jonsson, Anders},
	journal={5th EITIC Doctoral Workshop},
	year={2017}
}

@incollection{bellalta2014throughput,
	title={Throughput analysis in CSMA/CA networks using continuous time Markov networks: a tutorial},
	author={Bellalta, Boris and Zocca, Alessandro and Cano, Cristina and Checco, Alessandro and Barcelo, Jaume and Vinel, Alexey},
	booktitle={Wireless Networking for Moving Objects},
	pages={115--133},
	year={2014},
	publisher={Springer}
}

@article{bianchi2000performance,
	title={Performance analysis of the IEEE 802.11 distributed coordination function},
	author={Bianchi, Giuseppe},
	journal={IEEE Journal on selected areas in communications},
	volume={18},
	number={3},
	pages={535--547},
	year={2000},
	publisher={IEEE}
}

@inproceedings{herzen2015learning,
	title={Learning Wi-Fi performance},
	author={Herzen, Julien and Lundgren, Henrik and Hegde, Nidhi},
	booktitle={Sensing, Communication, and Networking (SECON), 2015 12th Annual IEEE International Conference on},
	pages={118--126},
	year={2015},
	organization={IEEE}
}

@inproceedings{riihijarvi2005frequency,
	title={Frequency allocation for {WLANs} using graph colouring techniques},
	author={Riihijarvi, Janne and Petrova, Marina and Mahonen, Petri},
	booktitle={Wireless On-demand Network Systems and Services, 2005. WONS 2005. Second Annual Conference on},
	pages={216--222},
	year={2005},
	organization={IEEE}
}

@article{raniwala2004centralized,
	title={Centralized channel assignment and routing algorithms for multi-channel wireless mesh networksrancesc},
	author={Raniwala, Ashish and Gopalan, Kartik and Chiueh, Tzi-cker},
	journal={ACM SIGMOBILE Mobile Computing and Communications Review},
	volume={8},
	number={2},
	pages={50--65},
	year={2004},
	publisher={ACM}
}

@article{mishra2005weighted,
	title={Weighted coloring based channel assignment for {WLANs}},
	author={Mishra, Arunesh and Banerjee, Suman and Arbaugh, William},
	journal={ACM SIGMOBILE Mobile Computing and Communications Review},
	volume={9},
	number={3},
	pages={19--31},
	year={2005},
	publisher={ACM}
}

@inproceedings{wang2005list,
	title={List-coloring based channel allocation for open-spectrum wireless networks},
	author={Wang, Wei and Liu, Xin},
	booktitle={IEEE vehicular technology conference},
	volume={62},
	number={1},
	pages={690},
	year={2005},
	organization={IEEE; 1999}
}

@article{xu2013opportunistic,
	title={Opportunistic spectrum access using partially overlapping channels: Graphical game and uncoupled learning},
	author={Xu, Yuhua and Wu, Qihui and Wang, Jinlong and Shen, Liang and Anpalagan, Alagan},
	journal={IEEE Transactions on Communications},
	volume={61},
	number={9},
	pages={3906--3918},
	year={2013},
	publisher={IEEE}
}

@article{xu2013opportunistic,
	title={Opportunistic spectrum access with spatial reuse: Graphical game and uncoupled learning solutions},
	author={Xu, Yuhua and Wu, Qihui and Shen, Liang and Wang, Jinlong and Anpalagan, Alagan},
	journal={IEEE Transactions on Wireless Communications},
	volume={12},
	number={10},
	pages={4814--4826},
	year={2013},
	publisher={IEEE}
}

@article{nie1999q,
	title={A Q-learning-based dynamic channel assignment technique for mobile communication systems},
	author={Nie, Junhong and Haykin, Simon},
	journal={IEEE Transactions on Vehicular Technology},
	volume={48},
	number={5},
	pages={1676--1687},
	year={1999},
	publisher={IEEE}
}

@inproceedings{li2009multi,
	title={Multi-agent Q-learning of channel selection in multi-user cognitive radio systems: A two by two case},
	author={Li, Husheng},
	booktitle={Systems, Man and Cybernetics, 2009. SMC 2009. IEEE International Conference on},
	pages={1893--1898},
	year={2009},
	organization={IEEE}
}

@inproceedings{bennis2010q,
	title={A Q-learning based approach to interference avoidance in self-organized femtocell networks},
	author={Bennis, Mehdi and Niyato, Dusit},
	booktitle={GLOBECOM Workshops (GC Wkshps), 2010 IEEE},
	pages={706--710},
	year={2010},
	organization={IEEE}
}

@inproceedings{bennis2011distributed,
	title={Distributed learning strategies for interference mitigation in femtocell networks},
	author={Bennis, Mehdi and Guruacharya, Sudarshan and Niyato, Dusit},
	booktitle={Global Telecommunications Conference (GLOBECOM 2011), 2011 IEEE},
	pages={1--5},
	year={2011},
	organization={IEEE}
}

@article{maghsudi2015channel,
	title={Channel selection for network-assisted {D2D} communication via no-regret bandit learning with calibrated forecasting},
	author={Maghsudi, Setareh and Sta{\'n}czak, S{\l}awomir},
	journal={IEEE Transactions on Wireless Communications},
	volume={14},
	number={3},
	pages={1309--1322},
	year={2015},
	publisher={IEEE}
}

@article{bkassiny2013survey,
	title={A survey on machine-learning techniques in cognitive radios},
	author={Bkassiny, Mario and Li, Yang and Jayaweera, Sudharman K},
	journal={IEEE Communications Surveys \& Tutorials},
	volume={15},
	number={3},
	pages={1136--1159},
	year={2013},
	publisher={IEEE}
}

@article{maghsudi2016multi,
	title={Multi-armed bandits with application to 5G small cells},
	author={Maghsudi, Setareh and Hossain, Ekram},
	journal={IEEE Wireless Communications},
	volume={23},
	number={3},
	pages={64--73},
	year={2016},
	publisher={IEEE}
}

@inproceedings{bennis2011distributed,
	title={Distributed learning strategies for interference mitigation in femtocell networks},
	author={Bennis, Mehdi and Guruacharya, Sudarshan and Niyato, Dusit},
	booktitle={Global Telecommunications Conference (GLOBECOM 2011), 2011 IEEE},
	pages={1--5},
	year={2011},
	organization={IEEE}
}

@inproceedings{nazir2010learning,
	title={Learning based mechanisms for interference mitigation in self-organized femtocell networks},
	author={Nazir, Mohsin and Bennis, Mehdi and Ghaboosi, Kaveh and MacKenzie, Allen B and Latva-aho, Matti},
	booktitle={Signals, Systems and Computers (ASILOMAR), 2010 Conference Record of the Forty Fourth Asilomar Conference on},
	pages={1886--1890},
	year={2010},
	organization={IEEE}
}

@article{fang2013taming,
	title={Taming wheel of fortune in the air: An algorithmic framework for channel selection strategy in cognitive radio networks},
	author={Fang, Xi and Yang, Dejun and Xue, Guoliang},
	journal={IEEE Transactions on Vehicular Technology},
	volume={62},
	number={2},
	pages={783--796},
	year={2013},
	publisher={IEEE}
}

@inproceedings{yang2005physical,
	title={On physical carrier sensing in wireless ad hoc networks},
	author={Yang, Xue and Vaidya, Nitin},
	booktitle={INFOCOM 2005. 24th Annual Joint Conference of the IEEE Computer and Communications Societies. Proceedings IEEE},
	volume={4},
	pages={2525--2535},
	year={2005},
	organization={IEEE}
}

@inproceedings{jung2002power,
	title={A power control {MAC} protocol for ad hoc networks},
	author={Jung, Eun-Sun and Vaidya, Nitin H},
	booktitle={Proceedings of the 8th annual international conference on Mobile computing and networking},
	pages={36--47},
	year={2002},
	organization={ACM}
}

@article{tang2014joint,
	title={Joint transmit power control and rate adaptation for wireless LANs},
	author={Tang, Suhua and Yomo, Hiroyuki and Hasegawa, Akio and Shibata, Tatsuo and Ohashi, Masayoshi},
	journal={Wireless personal communications},
	volume={74},
	number={2},
	pages={469--486},
	year={2014},
	publisher={Springer}
}

@inproceedings{agarwal2001distributed,
	title={Distributed power control in ad-hoc wireless networks},
	author={Agarwal, Sharad and Katz, Randy H and Krishnamurthy, Srikanth V and Dao, Son K},
	booktitle={Personal, Indoor and Mobile Radio Communications, 2001 12th IEEE International Symposium on},
	volume={2},
	pages={F--F},
	year={2001},
	organization={IEEE}
}

@inproceedings{karn1990maca,
	title={{MACA}-a new channel access method for packet radio},
	author={Karn, Phil},
	booktitle={ARRL/CRRL Amateur radio 9th computer networking conference},
	volume={140},
	pages={134--140},
	year={1990}
}

@inproceedings{pursley2000energy,
	title={Energy-efficient transmission and routing protocols for wireless multiple-hop networks and spread-spectrum radios},
	author={Pursley, Michael B and Russell, Harlan B and Wysocarski, Jeffrey S},
	booktitle={EUROCOMM 2000. Information Systems for Enhanced Public Safety and Security. IEEE/AFCEA},
	pages={1--5},
	year={2000},
	organization={IEEE}
}

@inproceedings{elbatt2000power,
	title={Power management for throughput enhancement in wireless ad-hoc networks},
	author={ElBatt, Tamer A and Krishnamurthy, Srikanth V and Connors, Dennis and Dao, Son},
	booktitle={Communications, 2000. ICC 2000. 2000 IEEE International Conference on},
	volume={3},
	pages={1506--1513},
	year={2000},
	organization={IEEE}
}

@inproceedings{afifi2016throughput,
	title={Throughput-fairness tradeoff evaluation for next-generation WLANs with adaptive clear channel assessment},
	author={Afifi, Wessam and Rantala, Enrico-Henrik and Tuomaala, Esa and Choudhury, Sayantan and Krunz, Marwan},
	booktitle={Communications (ICC), 2016 IEEE International Conference on},
	pages={1--6},
	year={2016},
	organization={IEEE}
}

@inproceedings{jamil2014improving,
	title={Improving the capacity of future {IEEE} 802.11 high efficiency {WLANs}},
	author={Jamil, Imad and Cariou, Laurent and Helard, Jean-Francois},
	booktitle={Telecommunications (ICT), 2014 21st International Conference on},
	pages={303--307},
	year={2014},
	organization={IEEE}
}

@inproceedings{zhu2004leveraging,
	title={Leveraging spatial reuse in 802.11 mesh networks with enhanced physical carrier sensing},
	author={Zhu, Jing and Guo, Xingang and Yang, L Lily and Conner, W Steven},
	booktitle={Communications, 2004 IEEE International Conference on},
	volume={7},
	pages={4004--4011},
	year={2004},
	organization={IEEE}
}

@inproceedings{jamil2015preserving,
	title={Preserving fairness in super dense {WLANs}},
	author={Jamil, Imad and Cariou, Laurent and H{\'e}lard, Jean-Fran{\c{c}}ois},
	booktitle={Communication Workshop (ICCW), 2015 IEEE International Conference on},
	pages={2276--2281},
	year={2015},
	organization={IEEE}
}

@inproceedings{kim2006improving,
	title={Improving spatial reuse through tuning transmit power, carrier sense threshold, and data rate in multihop wireless networks},
	author={Kim, Tae-Suk and Lim, Hyuk and Hou, Jennifer C},
	booktitle={Proceedings of the 12th annual international conference on Mobile computing and networking},
	pages={366--377},
	year={2006},
	organization={ACM}
}

@article{kawadia2005principles,
	title={Principles and protocols for power control in wireless ad hoc networks},
	author={Kawadia, Vikas and Kumar, PR},
	journal={IEEE journal on selected areas in Communications},
	volume={23},
	number={1},
	pages={76--88},
	year={2005},
	publisher={IEEE}
}

@inproceedings{mhatre2007interference,
	title={Interference mitigation through power control in high density 802.11 {WLANs}},
	author={Mhatre, Vivek P and Papagiannaki, Konstantina and Baccelli, Francois},
	booktitle={INFOCOM 2007. 26th IEEE International Conference on Computer Communications. IEEE},
	pages={535--543},
	year={2007},
	organization={IEEE}
}

@article{maghsudi2015joint,
	title={Joint channel selection and power control in infrastructureless wireless networks: A multiplayer multiarmed bandit framework},
	author={Maghsudi, Setareh and Sta{\'n}czak, S{\l}awomir},
	journal={IEEE Transactions on Vehicular Technology},
	volume={64},
	number={10},
	pages={4565--4578},
	year={2015},
	publisher={IEEE}
}

@article{jamil2016novel,
	title={Novel learning-based spatial reuse optimization in dense {WLAN} deployments},
	author={Jamil, Imad and Cariou, Laurent and H{\'e}lard, Jean-Fran{\c{c}}ois},
	journal={EURASIP Journal on Wireless Communications and Networking},
	volume={2016},
	number={1},
	pages={184},
	year={2016},
	publisher={Springer}
}

@article{kawadia2005principles,
	title={Principles and protocols for power control in wireless ad hoc networks},
	author={Kawadia, Vikas and Kumar, PR},
	journal={IEEE journal on selected areas in Communications},
	volume={23},
	number={1},
	pages={76--88},
	year={2005},
	publisher={IEEE}
}

@article{mishra2005weighted,
	title={Weighted coloring based channel assignment for WLANs},
	author={Mishra, Arunesh and Banerjee, Suman and Arbaugh, William},
	journal={ACM SIGMOBILE Mobile Computing and Communications Review},
	volume={9},
	number={3},
	pages={19--31},
	year={2005},
	publisher={ACM}
}

@article{villegas2009frequency,
	title={Frequency assignments in IEEE 802.11 WLANs with efficient spectrum sharing},
	author={Villegas, Eduard Garcia and Ferr{\'e}, Rafael Vidal and Paradells, Josep},
	journal={Wireless Communications and Mobile Computing},
	volume={9},
	number={8},
	pages={1125--1140},
	year={2009},
	publisher={Wiley Online Library}
}

@article{barrachina2017komondor,
	author = {Barrachina-Mu\~noz, S. and Wilhelmi, F.},
	title = {{Komondor network simulator}},
	year = {2017},
	publisher = {GitHub},
	journal = {GitHub repository},
	note = {[Online] Available: \url{https://github.com/wn-upf/Komondor} (commit )}
}

@inproceedings{villegas2005new,
	title={New algorithm for distributed frequency assignments in IEEE 802.11 wireless networks},
	author={Villegas, E Garcia and Ferr{\'e}, R Vidal and Aspas, J Paradells},
	booktitle={Wireless Conference 2005-Next Generation Wireless and Mobile Communications and Services (European Wireless), 11th European},
	pages={1--7},
	year={2005},
	organization={VDE}
}

@article{brelaz1979new,
	title={New methods to color the vertices of a graph},
	author={Br{\'e}laz, Daniel},
	journal={Communications of the ACM},
	volume={22},
	number={4},
	pages={251--256},
	year={1979},
	publisher={ACM}
}

@article{raniwala2004centralized,
	title={Centralized channel assignment and routing algorithms for multi-channel wireless mesh networks},
	author={Raniwala, Ashish and Gopalan, Kartik and Chiueh, Tzi-cker},
	journal={ACM SIGMOBILE Mobile Computing and Communications Review},
	volume={8},
	number={2},
	pages={50--65},
	year={2004},
	publisher={ACM}
}

@inproceedings{li2010competitive,
	title={Competitive spectrum access in cognitive radio networks: Graphical game and learning},
	author={Li, Husheng and Han, Zhu},
	booktitle={Wireless Communications and Networking Conference (WCNC), 2010 IEEE},
	pages={1--6},
	year={2010},
	organization={IEEE}
}

@inproceedings{herzen2013distributed,
	title={Distributed spectrum assignment for home {WLANs}},
	author={Herzen, Julien and Merz, Ruben and Thiran, Patrick},
	booktitle={INFOCOM, 2013 Proceedings IEEE},
	pages={1573--1581},
	year={2013},
	organization={IEEE}
}