@article{wilhelmi2017implications,
	title={Implications of Decentralized {Q}-learning Resource Allocation in Wireless Networks},
	author={Wilhelmi, Francesc and Bellalta, Boris and Cano, Cristina and Jonsson, Anders},
	journal={arXiv preprint arXiv:1705.10508},
	year={2017}
}

@article{wilhelmi2017improving,
	title={Improving Spatial Reuse in High-Density Wireless Networks Through Learning},
	author={Wilhelmi, Francesc and Bellalta, Boris and Cano, Cristina and Jonsson, Anders},
	journal={5th EITIC Doctoral Workshop},
	year={2017}
}